<collection xmlns="http://www.loc.gov/MARC21/slim">
   <record>
      <leader>02809pam a2200505 i 4500</leader>
      <controlfield tag="001">6786711</controlfield>
      <controlfield tag="003">OCoLC</controlfield>
      <controlfield tag="005">20150113084857.0</controlfield>
      <controlfield tag="008">140815s2015    onca   j b    001 0 eng c</controlfield>
      <datafield ind1=" " ind2=" " tag="010">
         <subfield code="a">  2014032597</subfield>
      </datafield>
      <datafield ind1=" " ind2=" " tag="020">
         <subfield code="a">9780778706403 (reinforced library binding)</subfield>
      </datafield>
      <datafield ind1=" " ind2=" " tag="020">
         <subfield code="a">0778706400 (reinforced library binding)</subfield>
      </datafield>
      <datafield ind1=" " ind2=" " tag="020">
         <subfield code="a">9780778706199 (pbk.)</subfield>
      </datafield>
      <datafield ind1=" " ind2=" " tag="020">
         <subfield code="a">0778706192 (pbk.)</subfield>
      </datafield>
      <datafield ind1=" " ind2=" " tag="020">
         <subfield code="z">9781427176240 (electronic pdf)</subfield>
      </datafield>
      <datafield ind1=" " ind2=" " tag="020">
         <subfield code="z">9781427176202 (electronic html)</subfield>
      </datafield>
      <datafield ind1=" " ind2=" " tag="035">
         <subfield code="a">ocn887606370</subfield>
      </datafield>
      <datafield ind1=" " ind2=" " tag="040">
         <subfield code="a">NJQ/DLC</subfield>
         <subfield code="b">eng</subfield>
         <subfield code="e">rda</subfield>
         <subfield code="c">ZQP</subfield>
         <subfield code="d">DLC</subfield>
         <subfield code="d">OI6</subfield>
         <subfield code="d">UAB</subfield>
      </datafield>
      <datafield ind1=" " ind2=" " tag="042">
         <subfield code="a">pcc</subfield>
      </datafield>
      <datafield ind1=" " ind2=" " tag="043">
         <subfield code="a">x------</subfield>
      </datafield>
      <datafield ind1="0" ind2="0" tag="050">
         <subfield code="a">QE29</subfield>
         <subfield code="b">.D324 2015</subfield>
      </datafield>
      <datafield ind1="0" ind2="4" tag="082">
         <subfield code="a">550</subfield>
         <subfield code="2">23</subfield>
      </datafield>
      <datafield ind1=" " ind2=" " tag="090">
         <subfield code="a">QE 29 D324 2015</subfield>
         <subfield code="b">AEU</subfield>
      </datafield>
      <datafield ind1="1" ind2=" " tag="100">
         <subfield code="a">Dakers, Diane,</subfield>
         <subfield code="e">author.</subfield>
         <subfield code="0">http://id.loc.gov/authorities/names/n2010028112</subfield>
         <subfield code="0">http://viaf.org/viaf/121056102</subfield>
      </datafield>
      <datafield ind1="1" ind2="0" tag="245">
         <subfield code="a">Earth's cycles /</subfield>
         <subfield code="c">by Diane Dakers.</subfield>
      </datafield>
      <datafield ind1=" " ind2="1" tag="264">
         <subfield code="a">St. Catharines, Ontario ;</subfield>
         <subfield code="a">New York, NY :</subfield>
         <subfield code="b">Crabtree Publishing Company,</subfield>
         <subfield code="c">[2015]</subfield>
      </datafield>
      <datafield ind1=" " ind2=" " tag="300">
         <subfield code="a">48 pages :</subfield>
         <subfield code="b">color illustrations ;</subfield>
         <subfield code="c">29 cm.</subfield>
      </datafield>
      <datafield ind1=" " ind2=" " tag="336">
         <subfield code="a">text</subfield>
         <subfield code="2">rdacontent</subfield>
         <subfield code="0">http://id.loc.gov/vocabulary/contentTypes/txt</subfield>
      </datafield>
      <datafield ind1=" " ind2=" " tag="336">
         <subfield code="a">still image</subfield>
         <subfield code="b">sti</subfield>
         <subfield code="2">rdacontent</subfield>
         <subfield code="0">http://id.loc.gov/vocabulary/contentTypes/sti</subfield>
      </datafield>
      <datafield ind1=" " ind2=" " tag="337">
         <subfield code="a">unmediated</subfield>
         <subfield code="2">rdamedia</subfield>
         <subfield code="0">http://id.loc.gov/vocabulary/mediaTypes/n</subfield>
      </datafield>
      <datafield ind1=" " ind2=" " tag="338">
         <subfield code="a">volume</subfield>
         <subfield code="2">rdacarrier</subfield>
         <subfield code="0">http://id.loc.gov/vocabulary/carriers/nc</subfield>
      </datafield>
      <datafield ind1="1" ind2=" " tag="490">
         <subfield code="a">Earth's cycles in action</subfield>
      </datafield>
      <datafield ind1=" " ind2=" " tag="504">
         <subfield code="a">Includes bibliographical references and index.</subfield>
      </datafield>
      <datafield ind1="0" ind2=" " tag="505">
         <subfield code="a">Cycles make the world go 'round -- You are here -- Sunrise, sunset, seasons -- Moonstruck -- Weather report -- Changing systems.</subfield>
      </datafield>
      <datafield ind1=" " ind2=" " tag="520">
         <subfield code="a">"This fascinating book explains the patterns and cycles created on Earth by the influence of the Sun and the Moon, as well as by the Earth's magnetic poles and the planet's rotation on an axis. Informative text, vivid photographs, and detailed diagrams help explain patterns such as day and night, the four seasons, the lunar cycle, the rise and fall of tides, and weather cycles"--</subfield>
         <subfield code="c">Provided by publisher.</subfield>
      </datafield>
      <datafield ind1=" " ind2=" " tag="590">
         <subfield code="a">University of Alberta Library copy in the Canadian Children's Book Centre Depository Collection.</subfield>
      </datafield>
      <datafield ind1=" " ind2=" " tag="596">
         <subfield code="a">41</subfield>
      </datafield>
      <datafield ind1=" " ind2="0" tag="650">
         <subfield code="a">Earth sciences</subfield>
         <subfield code="v">Juvenile literature.</subfield>
         <subfield code="0">http://id.loc.gov/authorities/subjects/sh2008102496</subfield>
      </datafield>
      <datafield ind1=" " ind2="0" tag="651">
         <subfield code="a">Earth (Planet)</subfield>
         <subfield code="v">Juvenile literature.</subfield>
         <subfield code="0">http://id.loc.gov/authorities/subjects/sh85040437</subfield>
      </datafield>
      <datafield ind1=" " ind2=" " tag="758">
         <subfield code="0">http://worldcat.org/entity/work/id/18179154</subfield>
      </datafield>
      <datafield ind1="0" ind2=" " tag="787">
         <subfield code="n">OCLC Work Id</subfield>
         <subfield code="o">http://worldcat.org/entity/work/id/18179154</subfield>
      </datafield>
      <datafield ind1="1" ind2=" " tag="800">
         <subfield code="a">Dakers, Diane.</subfield>
         <subfield code="t">Earth's cycles in action.</subfield>
      </datafield>
      <datafield ind1=" " ind2=" " tag="949">
         <subfield code="a">QE 29 D324 2015</subfield>
         <subfield code="c">1</subfield>
         <subfield code="h">UAED-CU-B</subfield>
         <subfield code="i">0162035222338</subfield>
      </datafield>
      <datafield ind1=" " ind2=" " tag="926">
         <subfield code="a">QE 29 D324 2015</subfield>
         <subfield code="w">LC</subfield>
         <subfield code="c">1</subfield>
         <subfield code="i">0162035222338</subfield>
         <subfield code="l">CURRICULUM</subfield>
         <subfield code="m">UAEDUC</subfield>
         <subfield code="p">$150.00</subfield>
         <subfield code="r">Y</subfield>
         <subfield code="s">Y</subfield>
         <subfield code="t">BOOK</subfield>
         <subfield code="u">1/21/2015</subfield>
      </datafield>
      <datafield ind1=" " ind2=" " tag="926">
         <subfield code="a">QE 29 D324 2015</subfield>
         <subfield code="w">LC</subfield>
         <subfield code="c">2</subfield>
         <subfield code="i">0162034252252</subfield>
         <subfield code="l">CCBCC</subfield>
         <subfield code="m">UAEDUC</subfield>
         <subfield code="p">$150.00</subfield>
         <subfield code="r">Y</subfield>
         <subfield code="s">Y</subfield>
         <subfield code="t">NO_LOAN</subfield>
         <subfield code="u">4/14/2015</subfield>
      </datafield>
   </record>
</collection>
